@book{CarlD.Meyer538,
	author = "Carl D. Meyer",
	author_sort = "Meyer, Carl D.",
	cover = "/home/fernando/fer/Biblioteca/Biblioteca de calibre/Carl D. Meyer/Matrix Analysis and Applied Linear Algebra (538)/cover.jpg",
	formats = "pdf",
	isbn = "978-08-9871-951-2",
	month = "ene",
	publisher = "SIAM",
	size = "6911663 octets",
	title = "Matrix Analysis and Applied Linear Algebra",
	title_sort = "Matrix Analysis and Applied Linear Algebra",
	volume = "1",
	year = "2000"
}

@book{Simmons90,
	author = "Simmons",
	author_sort = "Simmons",
	cover = "/home/fernando/fer/Biblioteca/Biblioteca de calibre/Simmons/Differential Equations (90)/cover.jpg",
	isbn = "978-00-7061-609-7",
	month = "may",
	publisher = "McGraw-Hill Education (India) Pvt Limited",
	title = "Differential Equations",
	title_sort = "Differential Equations",
	volume = "1",
	year = "2006"
}

@misc{GeorgeSimmons250,
	author = "George Simmons",
	author_sort = "Simmons, George",
	cover = "/home/fernando/fer/Biblioteca/Biblioteca de calibre/George Simmons/Ecuaciones Diferenciales (250)/cover.jpg",
	formats = "pdf",
	month = "feb",
	size = "101335997 octets",
	title = "Ecuaciones Diferenciales",
	title_sort = "Ecuaciones Diferenciales",
	volume = "1",
	year = "2011"
}

@book{GeorgeFinlaySimmons256,
	author = "George Finlay Simmons and Steven George Krantz",
	author_sort = "Simmons, George Finlay \& Krantz, Steven George",
	cover = "/home/fernando/fer/Biblioteca/Biblioteca de calibre/George Finlay Simmons/Differential Equations\_ Theory, Technique, and Practice (256)/cover.jpg",
	formats = "pdf",
	isbn = "978-00-7286-315-4",
	month = "jun",
	publisher = "McGraw-Hill Higher Education",
	size = "42770042 octets",
	title = "Differential Equations: Theory, Technique, and Practice",
	title_sort = "Differential Equations: Theory, Technique, and Practice",
	volume = "1",
	year = "2007"
}

@book{HartmutLogemann501,
	author = "Hartmut Logemann and Eugene P Ryan",
	author_sort = "Logemann, Hartmut \& Ryan, Eugene P",
	cover = "/home/fernando/fer/Biblioteca/Biblioteca de calibre/Hartmut Logemann/Ordinary Differential Equations\_ Analysis, Qualitative Theory and Control (501)/cover.jpg",
	formats = "pdf",
	isbn = "978-14-4716-397-8",
	month = "mar",
	publisher = "Springer London",
	size = "3516068 octets",
	title = "Ordinary Differential Equations: Analysis, Qualitative Theory and Control",
	title_sort = "Ordinary Differential Equations: Analysis, Qualitative Theory and Control",
	volume = "1",
	year = "2014"
}

@book{ShairAhmad513,
	author = "Shair Ahmad and Antonio Ambrosetti",
	author_sort = "Ahmad, Shair \& Ambrosetti, Antonio",
	cover = "/home/fernando/fer/Biblioteca/Biblioteca de calibre/Shair Ahmad/A Textbook on Ordinary Differential Equations (513)/cover.jpg",
	formats = "pdf",
	isbn = "978-33-1916-408-3",
	month = "jun",
	publisher = "Springer",
	size = "2790981 octets",
	title = "A Textbook on Ordinary Differential Equations",
	title_sort = "A Textbook on Ordinary Differential Equations",
	volume = "1",
	year = "2015"
}

@book{MartinBraun514,
	author = "Martin Braun",
	author_sort = "Braun, Martin",
	cover = "/home/fernando/fer/Biblioteca/Biblioteca de calibre/Martin Braun/Differential Equations and Their Applications\_ An Introduction to Applied Mathematics (514)/cover.jpg",
	formats = "pdf",
	isbn = "978-03-8794-330-5",
	month = "jun",
	publisher = "Springer",
	size = "41512531 octets",
	title = "Differential Equations and Their Applications: An Introduction to Applied Mathematics",
	title_sort = "Differential Equations and Their Applications: An Introduction to Applied Mathematics",
	volume = "1",
	year = "1994"
}

@book{BarbaraD.MacCluer515,
	author = "Barbara D. MacCluer and Paul S. Bourdon and Thomas L. Kriete",
	author_sort = "MacCluer, Barbara D. \& Bourdon, Paul S. \& Kriete, Thomas L.",
	cover = "/home/fernando/fer/Biblioteca/Biblioteca de calibre/Barbara D. MacCluer/Differential Equations\_ Techniques, Theory, and Applications (515)/cover.jpg",
	formats = "pdf",
	isbn = "978-14-7044-797-7",
	month = "oct",
	publisher = "American Mathematical Soc.",
	size = "8622989 octets",
	title = "Differential Equations: Techniques, Theory, and Applications",
	title_sort = "Differential Equations: Techniques, Theory, and Applications",
	volume = "1",
	year = "2019"
}

@book{VirginiaW.Noonburg516,
	author = "Virginia W. Noonburg",
	author_sort = "Noonburg, Virginia W.",
	cover = "/home/fernando/fer/Biblioteca/Biblioteca de calibre/Virginia W. Noonburg/Differential Equations\_ From Calculus to Dynamical Systems\_ Second Edition (516)/cover.jpg",
	formats = "pdf",
	isbn = "978-14-7044-400-6",
	month = "ene",
	publisher = "American Mathematical Soc.",
	size = "5313279 octets",
	title = "Differential Equations: From Calculus to Dynamical Systems: Second Edition",
	title_sort = "Differential Equations: From Calculus to Dynamical Systems: Second Edition",
	volume = "1",
	year = "2019"
}

@book{DavidA.Sanchez518,
	author = "David A. S{\'a}nchez",
	author_sort = "S{\'a}nchez, David A.",
	cover = "/home/fernando/fer/Biblioteca/Biblioteca de calibre/David A. Sanchez/Ordinary Differential Equations\_ A Brief Eclectic Tour (518)/cover.jpg",
	formats = "pdf",
	isbn = "978-08-8385-723-6",
	month = "ago",
	publisher = "Cambridge University Press",
	size = "1305188 octets",
	title = "Ordinary Differential Equations: A Brief Eclectic Tour",
	title_sort = "Ordinary Differential Equations: A Brief Eclectic Tour",
	volume = "1",
	year = "2002"
}

@book{RichardS.Palais519,
	author = "Richard S. Palais and Robert Andrew Palais",
	author_sort = "Palais, Richard S. \& Palais, Robert Andrew",
	cover = "/home/fernando/fer/Biblioteca/Biblioteca de calibre/Richard S. Palais/Differential Equations, Mechanics, and Computation (519)/cover.jpg",
	formats = "pdf",
	isbn = "978-08-2182-138-1",
	month = "nov",
	publisher = "American Mathematical Soc.",
	size = "3272899 octets",
	title = "Differential Equations, Mechanics, and Computation",
	title_sort = "Differential Equations, Mechanics, and Computation",
	volume = "1",
	year = "2009"
}

@book{C.HenryEdwards520,
	author = "C. Henry Edwards and David E. Penney and David T. Calvis",
	author_sort = "Edwards, C. Henry \& Penney, David E. \& Calvis, David T.",
	cover = "/home/fernando/fer/Biblioteca/Biblioteca de calibre/C. Henry Edwards/Differential Equations and Boundary Value Problems\_ Computing and Modeling, Global Edition (520)/cover.jpg",
	formats = "pdf",
	isbn = "978-12-9210-878-0",
	month = "mar",
	publisher = "Pearson Higher Ed",
	size = "12228313 octets",
	title = "Differential Equations and Boundary Value Problems: Computing and Modeling, Global Edition",
	title_sort = "Differential Equations and Boundary Value Problems: Computing and Modeling, Global Edition",
	volume = "1",
	year = "2016"
}

@book{WilliamA.Adkins521,
	author = "William A. Adkins and Mark G. Davidson",
	author_sort = "Adkins, William A. \& Davidson, Mark G.",
	cover = "/home/fernando/fer/Biblioteca/Biblioteca de calibre/William A. Adkins/Ordinary Differential Equations (521)/cover.jpg",
	formats = "pdf",
	isbn = "978-14-6143-618-8",
	month = "jul",
	publisher = "Springer Science \& Business Media",
	size = "4940918 octets",
	title = "Ordinary Differential Equations",
	title_sort = "Ordinary Differential Equations",
	volume = "1",
	year = "2012"
}

@book{StephenA.Wirkus522,
	author = "Stephen A. Wirkus and Randall J. Swift",
	author_sort = "Wirkus, Stephen A. \& Swift, Randall J.",
	cover = "/home/fernando/fer/Biblioteca/Biblioteca de calibre/Stephen A. Wirkus/A Course in Ordinary Differential Equations (522)/cover.jpg",
	formats = "pdf",
	isbn = "978-14-6650-910-8",
	month = "dic",
	publisher = "CRC Press",
	size = "9203443 octets",
	title = "A Course in Ordinary Differential Equations",
	title_sort = "A Course in Ordinary Differential Equations",
	volume = "1",
	year = "2014"
}

@book{RobertL.Borrelli524,
	author = "Robert L. Borrelli and Courtney S. Coleman",
	author_sort = "Borrelli, Robert L. \& Coleman, Courtney S.",
	cover = "/home/fernando/fer/Biblioteca/Biblioteca de calibre/Robert L. Borrelli/Differential Equations\_ A Modeling Perspective (524)/cover.jpg",
	formats = "djvu",
	isbn = "978-04-7143-332-3",
	month = "ene",
	publisher = "Wiley",
	size = "29712548 octets",
	title = "Differential Equations: A Modeling Perspective",
	title_sort = "Differential Equations: A Modeling Perspective",
	volume = "1",
	year = "2004"
}

@misc{GrantB.Gustafson525,
	author = "Grant B. Gustafson",
	author_sort = "Desconocido",
	cover = "/home/fernando/fer/Biblioteca/Biblioteca de calibre/Grant B. Gustafson/Chapter 11 Systems of Differential Equations (525)/cover.jpg",
	formats = "pdf",
	month = "dic",
	size = "921782 octets",
	title = "Chapter 11 Systems of Differential Equations",
	title_sort = "de.dvi",
	volume = "1",
	year = "100"
}

@book{GarrettBirkhoff526,
	author = "Garrett Birkhoff and Gian-Carlo Rota",
	author_sort = "Birkhoff, Garrett \& Rota, Gian-Carlo",
	cover = "/home/fernando/fer/Biblioteca/Biblioteca de calibre/Garrett Birkhoff/Ordinary Differential Equations (526)/cover.jpg",
	formats = "djvu",
	isbn = "978-04-7186-003-7",
	month = "ene",
	publisher = "Wiley",
	size = "3340054 octets",
	title = "Ordinary Differential Equations",
	title_sort = "Ordinary Differential Equations",
	volume = "1",
	year = "1989"
}

@book{MartinHermann528,
	author = "Martin Hermann and Masoud Saravi",
	author_sort = "Hermann, Martin \& Saravi, Masoud",
	cover = "/home/fernando/fer/Biblioteca/Biblioteca de calibre/Martin Hermann/A First Course in Ordinary Differential Equations\_ Analytical and Numerical Methods (528)/cover.jpg",
	formats = "pdf",
	isbn = "978-81-3221-835-7",
	month = "abr",
	publisher = "Springer Science \& Business",
	size = "3233257 octets",
	title = "A First Course in Ordinary Differential Equations: Analytical and Numerical Methods",
	title_sort = "A First Course in Ordinary Differential Equations: Analytical and Numerical Methods",
	volume = "1",
	year = "2014"
}

@book{ZalmanRubinstein530,
	author = "Zalman Rubinstein",
	author_sort = "Rubinstein, Zalman",
	cover = "/home/fernando/fer/Biblioteca/Biblioteca de calibre/Zalman Rubinstein/A Course in Ordinary and Partial Differential Equations (530)/cover.jpg",
	formats = "pdf",
	isbn = "978-14-8326-262-8",
	month = "may",
	publisher = "Academic Press",
	size = "18833448 octets",
	title = "A Course in Ordinary and Partial Differential Equations",
	title_sort = "A Course in Ordinary and Partial Differential Equations",
	volume = "1",
	year = "2014"
}

@book{WilliamE.Boyce531,
	author = "William E. Boyce and Richard C. Diprima",
	author_sort = "Boyce, William E. \& Diprima, Richard C.",
	cover = "/home/fernando/fer/Biblioteca/Biblioteca de calibre/William E. Boyce/Elementary Differential Equations (531)/cover.jpg",
	formats = "pdf",
	isbn = "978-04-7045-832-7",
	month = "oct",
	publisher = "Wiley",
	size = "5166096 octets",
	title = "Elementary Differential Equations",
	title_sort = "Elementary Differential Equations",
	volume = "1",
	year = "2012"
}

@book{WitoldHurewicz532,
	author = "Witold Hurewicz",
	author_sort = "Hurewicz, Witold",
	cover = "/home/fernando/fer/Biblioteca/Biblioteca de calibre/Witold Hurewicz/Lectures on Ordinary Differential Equations (532)/cover.jpg",
	formats = "djvu",
	isbn = "978-04-8679-721-2",
	month = "jul",
	publisher = "Courier Corporation",
	size = "841269 octets",
	title = "Lectures on Ordinary Differential Equations",
	title_sort = "Lectures on Ordinary Differential Equations",
	volume = "1",
	year = "2014"
}

@book{IoanI.Vrabie533,
	author = "Ioan I. Vrabie",
	author_sort = "Vrabie, Ioan I.",
	cover = "/home/fernando/fer/Biblioteca/Biblioteca de calibre/Ioan I. Vrabie/Differential Equations\_ An Introduction to Basic Concepts, Results and Applications (533)/cover.jpg",
	formats = "djvu",
	isbn = "978-98-1238-838-4",
	month = "jun",
	publisher = "World Scientific",
	size = "2585831 octets",
	title = "Differential Equations: An Introduction to Basic Concepts, Results and Applications",
	title_sort = "Differential Equations: An Introduction to Basic Concepts, Results and Applications",
	volume = "1",
	year = "2004"
}

@book{A.KiseliovM.KrasnovG.Makarenko534,
	author = "{A. Kiseliov}, M. Krasnov, G. Makarenko",
	author_sort = "Desconocido",
	cover = "/home/fernando/fer/Biblioteca/Biblioteca de calibre/A. Kiseliov, M. Krasnov, G. Makarenko/Problemas de ecuaciones diferenciales ordinarias (534)/cover.jpg",
	formats = "pdf",
	month = "dic",
	publisher = "MIR",
	size = "20003588 octets",
	title = "Problemas de ecuaciones diferenciales ordinarias",
	title_sort = "A. Kiseliov, M. Krasnov, G. Makarenko-Problemas de ecuaciones diferenciales ordinarias-Editorial Mir (1984)",
	volume = "1",
	year = "100"
}

@misc{FernandoMazzone535,
	author = "Fernando Mazzone",
	author_sort = "Desconocido",
	cover = "/home/fernando/fer/Biblioteca/Biblioteca de calibre/Fernando Mazzone/Ecuaciones Diferenciales (535)/cover.jpg",
	formats = "pdf",
	month = "dic",
	size = "27510012 octets",
	title = "Ecuaciones Diferenciales",
	title_sort = "Ecuaciones Diferenciales",
	volume = "1",
	year = "100"
}

@book{WilliamA.Adkins626,
	author = "William A. Adkins and Mark G. Davidson",
	author_sort = "Adkins, William A. \& Davidson, Mark G.",
	cover = "/home/fernando/fer/Biblioteca/Biblioteca de calibre/William A. Adkins/Ordinary Differential Equations (626)/cover.jpg",
	formats = "pdf",
	isbn = "978-14-6143-618-8",
	month = "jul",
	publisher = "Springer Science \& Business Media",
	size = "4940918 octets",
	title = "Ordinary Differential Equations",
	title_sort = "Ordinary Differential Equations",
	volume = "1",
	year = "2012"
}

@book{StephenA.Wirkus627,
	author = "Stephen A. Wirkus and Randall J. Swift",
	author_sort = "Wirkus, Stephen A. \& Swift, Randall J.",
	cover = "/home/fernando/fer/Biblioteca/Biblioteca de calibre/Stephen A. Wirkus/A Course in Ordinary Differential Equations (627)/cover.jpg",
	formats = "pdf",
	isbn = "978-14-6650-910-8",
	month = "dic",
	publisher = "CRC Press",
	size = "9203443 octets",
	title = "A Course in Ordinary Differential Equations",
	title_sort = "A Course in Ordinary Differential Equations",
	volume = "1",
	year = "2014"
}

@book{MartinHermann628,
	author = "Martin Hermann and Masoud Saravi",
	author_sort = "Hermann, Martin \& Saravi, Masoud",
	cover = "/home/fernando/fer/Biblioteca/Biblioteca de calibre/Martin Hermann/A First Course in Ordinary Differential Equations\_ Analytical and Numerical Methods (628)/cover.jpg",
	formats = "pdf",
	isbn = "978-81-3221-835-7",
	month = "abr",
	publisher = "Springer Science \& Business",
	size = "3233257 octets",
	title = "A First Course in Ordinary Differential Equations: Analytical and Numerical Methods",
	title_sort = "A First Course in Ordinary Differential Equations: Analytical and Numerical Methods",
	volume = "1",
	year = "2014"
}

@book{RichardS.Palais630,
	author = "Richard S. Palais and Robert Andrew Palais",
	author_sort = "Palais, Richard S. \& Palais, Robert Andrew",
	cover = "/home/fernando/fer/Biblioteca/Biblioteca de calibre/Richard S. Palais/Differential Equations, Mechanics, and Computation (630)/cover.jpg",
	formats = "pdf",
	isbn = "978-08-2182-138-1",
	month = "nov",
	publisher = "American Mathematical Soc.",
	size = "3272899 octets",
	title = "Differential Equations, Mechanics, and Computation",
	title_sort = "Differential Equations, Mechanics, and Computation",
	volume = "1",
	year = "2009"
}

@unpublished{alg_lin_repaso,
	author = "Fernando Mazzone",
	month = jul,
	note = "Notas complementarias a Ecuaciones Diferenciales (1913)",
	title = "Repaso {\'A}lgebra Lineal",
	year = "2020"
}

