@book{ DavidBlázquez-Sanz441,
    author = "David Blázquez-Sanz and Juan José Morales Ruiz and Jesús Rodríguez Lombardero",
    isbn = "978-08-2186-872-0",
    languages = "eng",
    year = "2011",
    month = "nov",
    publisher = "American Mathematical Soc.",
    size = "1605346 octets",
    title = "Symmetries and Related Topics in Differential and Difference Equations: Jairo Charris Seminar 2009, Escuela De Matemáticas, Universidad Sergio Arboleda, Bogotá, Colombia" }

@book{ HansStephani444,
    author = "Hans Stephani",
    isbn = "978-05-2136-689-2",
    languages = "eng",
    year = "1989",
    month = "nov",
    publisher = "Cambridge University Press",
    size = "3097809 octets",
    title = "Differential Equations: Their Solution Using Symmetries" }

@book{ RobertGilmore445,
    author = "Robert Gilmore",
    isbn = "978-11-3946-907-4",
    languages = "eng",
    year = "2008",
    month = "ene",
    publisher = "Cambridge University Press",
    size = "3671023 octets",
    title = "Lie Groups, Physics, and Geometry: An Introduction for Physicists, Engineers and Chemists" }

@book{ PeterJ.Olver451,
    author = "Peter J. Olver",
    isbn = "978-14-6840-274-2",
    languages = "eng",
    year = "2012",
    month = "dic",
    publisher = "Springer Science \& Business Media",
    size = "4616633 octets",
    title = "Applications of Lie Groups to Differential Equations" }

@book{ JamesMorrisPage452,
    author = "James Morris Page",
    languages = "eng",
    year = "1897",
    month = "nov",
    publisher = "Macmillan",
    size = "1548530 octets",
    title = "Ordinary Differential Equations: An Elementary Text Book With an Introduction to Lie's Theory of the Group of One Parameter" }

@book{ W.-H.Steeb453,
    author = "W.-H. Steeb",
    isbn = "978-98-1022-891-0",
    languages = "eng",
    year = "1996",
    month = "nov",
    publisher = "World Scientific",
    size = "3872814 octets",
    title = "Continuous Symmetries, Lie Algebras, Differential Equations, and Computer Algebra" }

@book{ FritzSchwarz454,
    author = "Fritz Schwarz",
    isbn = "978-15-8488-890-1",
    languages = "eng",
    year = "2007",
    month = "oct",
    publisher = "CRC Press",
    size = "4796945 octets",
    title = "Algorithmic Lie Theory for Solving Ordinary Differential Equations" }

@book{ PeterE.Hydon455,
    author = "Peter E. Hydon",
    isbn = "978-05-2149-786-2",
    languages = "eng",
    year = "2000",
    month = "ene",
    publisher = "Cambridge University Press",
    size = "1514058 octets",
    title = "Symmetry Methods for Differential Equations: A Beginner's Guide" }

@book{ LawrenceDresner456,
    author = "Lawrence Dresner",
    isbn = "978-07-5030-530-3",
    languages = "eng",
    year = "1999",
    month = "nov",
    publisher = "Institute of Physics Pub.",
    size = "1570875 octets",
    title = "Applications of Lie's Theory of Ordinary and Partial Differential Equations" }

@book{ GeorgeBluman459,
    author = "George Bluman and Stephen C. Anco",
    isbn = "978-03-8798-654-8",
    languages = "eng",
    year = "2002",
    month = "jul",
    publisher = "Springer Science \& Business Media",
    size = "5854867 octets",
    title = "Symmetry and Integration Methods for Differential Equations" }

@book{ GeorgeBluman460,
    author = "George Bluman and Sukeyuki Kumei",
    isbn = "978-14-7574-307-4",
    languages = "eng",
    year = "2013",
    month = "mar",
    publisher = "Springer Science \& Business Media",
    size = "10001685 octets",
    title = "Symmetries and Differential Equations" }

@book{ S.V.DuzhinB.D.Chebotarevsky465,
    author = "S. V. Duzhin, B. D. Chebotarevsky",
    isbn = "978-08-2188-450-8",
    languages = "eng",
    year = "2002",
    month = "dic",
    publisher = "American Mathematical Soc.",
    size = "1231823 octets",
    title = "Transformation Groups for Beginners" }

