
@book{ FrankAyres469,
    author = "Frank Ayres",
    isbn = "978-00-7084-396-7",
    languages = "eng",
    year = "1972",
    month = "feb",
    publisher = "McGraw-Hill",
    size = "2518466 octets",
    title = "Schaum's Outline of Theory and Problems of Differential Equations in SI Metric Units" }

@book{ StephenA.Wirkus470,
    author = "Stephen A. Wirkus and Randall J. Swift",
    isbn = "978-14-6650-910-8",
    languages = "eng",
    year = "2014",
    month = "dic",
    publisher = "CRC Press",
    size = "9203443 octets",
    title = "A Course in Ordinary Differential Equations, Second Edition" }

@book{ V.I.Arnold472,
    author = "V. I. Arnold",
    isbn = "978-14-6121-037-5",
    languages = "eng",
    year = "2012",
    month = "dic",
    publisher = "Springer Science \& Business Media",
    size = "9829283 octets",
    title = "Geometrical Methods in the Theory of Ordinary Differential Equations" }

@book{ WalterCraig473,
    author = "Walter Craig",
    isbn = "978-14-0206-964-2",
    languages = "eng",
    year = "2008",
    month = "feb",
    publisher = "Springer Science \& Business Media",
    size = "4162020 octets",
    title = "Hamiltonian Dynamical Systems and Applications" }

@book{ A.I.Kiseliov474,
    author = "A. I. Kiseliov and M. L. Krasnov and G. I. Makarenko",
    isbn = "978-84-8041-015-1",
    languages = "spa",
    year = "1992",
    month = "feb",
    publisher = "Mir",
    size = "20003588 octets",
    title = "Problemas de ecuaciones diferenciales ordinarias" }

@book{ RichardBellman476,
    author = "Richard Bellman",
    languages = "eng",
    year = "1970",
    month = "feb",
    publisher = "Academic Press",
    size = "2476579 octets",
    title = "Methods of Nonlinear Analysis, Volume I" }

@book{ RichardBellman477,
    author = "Richard Bellman",
    languages = "eng",
    year = "1970",
    month = "feb",
    publisher = "Academic Press",
    size = "1882415 octets",
    title = "Methods of Nonlinear Analysis, Volume II" }

@book{ RichardBellman478,
    author = "Richard Bellman",
    isbn = "978-04-8615-013-0",
    languages = "eng",
    year = "2013",
    month = "feb",
    publisher = "Courier Corporation",
    size = "1451562 octets",
    title = "Stability Theory of Differential Equations" }

@book{ MartinHermann479,
    author = "Martin Hermann and Masoud Saravi",
    isbn = "978-81-3221-835-7",
    languages = "eng",
    year = "2014",
    month = "abr",
    publisher = "Springer Science \& Business",
    size = "3233257 octets",
    title = "A First Course in Ordinary Differential Equations: Analytical and Numerical Methods" }

@book{ VincentD.Blondel480,
    author = "Vincent D. Blondel and Alexandre Megretski",
    isbn = "978-14-0082-615-5",
    languages = "eng",
    year = "2009",
    month = "abr",
    publisher = "Princeton University Press",
    size = "1430519 octets",
    title = "Unsolved Problems in Mathematical Systems and Control Theory" }

@book{ FredBrauer481,
    author = "Fred Brauer and John A. Nohel",
    isbn = "978-04-8615-151-9",
    languages = "eng",
    year = "2012",
    month = "dic",
    publisher = "Courier Corporation",
    size = "2956929 octets",
    title = "The Qualitative Theory of Ordinary Differential Equations: An Introduction" }

@book{ C.HenryEdwards482,
    author = "C. Henry Edwards and David E. Penney",
    isbn = "978-12-9203-789-9",
    languages = "eng",
    year = "2013",
    month = "ago",
    publisher = "Pearson Education Limited",
    size = "7736012 octets",
    title = "Elementary Differential Equations With Boundary Value Problems: Pearson New International Edition" }

@book{ DennisZill485,
    author = "Dennis Zill",
    isbn = "978-04-9510-824-5",
    languages = "eng",
    year = "2008",
    month = "may",
    publisher = "Cengage Learning",
    size = "4109567 octets",
    title = "A First Course in Differential Equations" }

@book{ GeorgeFinlaySimmons487,
    author = "George Finlay Simmons and Steven George Krantz",
    isbn = "978-00-7286-315-4",
    languages = "eng",
    year = "2007",
    month = "feb",
    publisher = "McGraw-Hill Higher Education",
    size = "42770042 octets",
    title = "Differential Equations: Theory, Technique, and Practice" }

@book{DavidBetounes488,
    author = "David Betounes",
    isbn = "978-14-4191-163-6",
    languages = "eng",
    year = "2009",
    month = "oct",
    publisher = "Springer Science \& Business Media",
    size = "6868566 octets",
    title = "Differential Equations: Theory and Applications" }

@book{ J.R.Dorfman489,
    author = "J. R. Dorfman",
    isbn = "978-05-2165-589-7",
    languages = "eng",
    year = "1999",
    month = "ago",
    publisher = "Cambridge University Press",
    size = "2437450 octets",
    title = "An Introduction to Chaos in Nonequilibrium Statistical Mechanics" }

@book{ ErichKamke490,
    author = "Erich Kamke",
    isbn = "978-08-2840-277-4",
    languages = "deu",
    year = "1971",
    month = "feb",
    publisher = "American Mathematical Soc.",
    size = "3380682 octets",
    title = "Differentialgleichungen: Lösungsmethoden und Lösungen" }

@book{ EarlA.Coddington491,
    author = "Earl A. Coddington and Norman Levinson",
    languages = "eng",
    year = "1955",
    month = "feb",
    publisher = "McGraw-Hill",
    size = "7084503 octets",
    title = "Theory of Ordinary Differential Equations" }

@book{ WassimM.Haddad492,
    author = "Wassim M. Haddad and Vijaysekhar Chellaboina",
    isbn = "978-14-0084-104-2",
    languages = "eng",
    year = "2011",
    month = "sep",
    publisher = "Princeton University Press",
    size = "6367268 octets",
    title = "Nonlinear Dynamical Systems and Control: A Lyapunov-Based Approach" }

@book{ WilliamAdkins494,
    author = "William Adkins and Mark G. Davidson",
    isbn = "978-14-6143-618-8",
    languages = "eng",
    year = "2012",
    month = "jul",
    publisher = "Springer Science \& Business Media",
    size = "4940918 octets",
    title = "Ordinary Differential Equations" }

@book{ WilliamE.Boyce496,
    author = "William E. Boyce and Richard C. Diprima",
    isbn = "978-11-1861-753-3",
    languages = "eng",
    year = "2012",
    month = "sep",
    publisher = "Wiley Global Education",
    size = "5166096 octets",
    title = "Elementary Differential Equations, 10th Edition" }

@book{ OlivaW.M.499,
    author = "Oliva, W.M.",
    year = "1973",
    month = "may",
    publisher = "Publicac̦ões do Instituto di Matemática e Estatística da Universidade de São Paulo",
    size = "1490608 octets",
    title = "Equações Diferenciais Ordinárias" }

@book{ YuefanDeng500,
    author = "Yuefan Deng",
    isbn = "978-98-1463-227-0",
    languages = "eng",
    year = "2014",
    month = "sep",
    publisher = "World Scientific",
    size = "2605132 octets",
    title = "Lectures, Problems and Solutions for Ordinary Differential Equations" }

@book{ FrancescoCalogero501,
    author = "Francesco Calogero",
    isbn = "978-01-9153-865-0",
    languages = "eng",
    year = "2008",
    month = "feb",
    publisher = "OUP Oxford",
    size = "1448539 octets",
    title = "Isochronous Systems" }

@book{ GarrettBirkhoff502,
    author = "Garrett Birkhoff and Gian-Carlo Rota",
    isbn = "978-04-7186-003-7",
    languages = "eng",
    year = "1989",
    month = "ene",
    publisher = "Wiley",
    size = "3340054 octets",
    title = "Ordinary Differential Equations" }

@book{ GeorgeFinlaySimmons503,
    author = "George Finlay Simmons and John S. Robertson",
    isbn = "978-00-7112-807-0",
    languages = "eng",
    year = "1991",
    month = "feb",
    publisher = "McGraw-Hill",
    size = "7614501 octets",
    title = "Differential Equations With Applications and Historical Notes" }

@book{ StuartP.Hastings504,
    author = "Stuart P. Hastings and J. Bryce McLeod",
    isbn = "978-08-2188-486-7",
    languages = "eng",
    year = "100",
    month = "dic",
    publisher = "American Mathematical Soc.",
    size = "5332613 octets",
    title = "Classical Methods in Ordinary Differential Equations: With Applications to Boundary Value Problems" }

@book{ EinarHille505,
    author = "Einar Hille",
    isbn = "978-04-8669-620-1",
    languages = "eng",
    year = "1997",
    month = "feb",
    publisher = "Courier Corporation",
    size = "6409833 octets",
    title = "Ordinary Differential Equations in the Complex Domain" }

@book{ DonHinton506,
    author = "Don Hinton",
    isbn = "978-08-2470-030-0",
    languages = "eng",
    year = "1997",
    month = "may",
    publisher = "CRC Press",
    size = "3300852 octets",
    title = "Spectral Theory \& Computational Methods of Sturm-Liouville Problems" }

@book{ EdwardL.Ince507,
    author = "Edward L. Ince",
    isbn = "978-04-8660-349-0",
    languages = "eng",
    year = "1956",
    month = "feb",
    publisher = "Courier Corporation",
    size = "19298870 octets",
    title = "Ordinary Differential Equations" }

@book{ ZalmanRubinstein508,
    author = "Zalman Rubinstein",
    languages = "eng",
    year = "1969",
    month = "feb",
    publisher = "Academic Press",
    size = "18833448 octets",
    title = "A Course in Ordinary and Partial Differential Equations" }

@book{ DavidJoyner509,
    author = "David Joyner and Marshall Hampton",
    isbn = "978-14-2140-724-1",
    languages = "eng",
    year = "2012",
    month = "jul",
    publisher = "JHU Press",
    size = "1521053 octets",
    title = "Introduction to Differential Equations Using Sage" }

@book{ JorgeSotomayor513,
    author = "Jorge Sotomayor",
    year = "1979",
    month = "feb",
    publisher = "Instituto de Matem{\'a}tica Pura e Aplicada, CNPq",
    size = "9588124 octets",
    title = "Li,c{\~o}es de equa,c{\~o}es diferenciais ordin{\'a}rias" }

@book{ FrankAyres514,
    author = "Frank Ayres",
    isbn = "978-00-7099-006-7",
    languages = "eng",
    year = "1981",
    month = "feb",
    publisher = "McGraw-Hill",
    size = "9038003 octets",
    title = "Schaum's Outline of Theory and Problems of Differential Equations in SI Metric Units" }

@book{ JuanLuisVaronaMalumbres515,
    author = "Juan Luis Varona Malumbres",
    isbn = "978-84-8871-332-2",
    languages = "spa",
    year = "1996",
    month = "feb",
    publisher = "Universidad de La Rioja",
    size = "415464 octets",
    title = "Métodos clásicos de resolución de ecuaciones diferenciales ordinarias" }

@book{ JeremyGray516,
    author = "Jeremy Gray",
    isbn = "978-08-1764-773-5",
    languages = "eng",
    year = "2010",
    month = "ene",
    publisher = "Springer Science \& Business Media",
    size = "4185507 octets",
    title = "Linear Differential Equations and Group Theory From Riemann to Poincare" }

@book{ M.V.Makarets518,
    author = "M. V. Makarets and V. Yu Reshetnyak",
    isbn = "978-98-1022-191-1",
    languages = "eng",
    year = "1995",
    month = "feb",
    publisher = "World Scientific",
    size = "1915557 octets",
    title = "Ordinary Differential Equations and Calculus of Variations: Book of Problems" }

@book{ PhilipHartman522,
    author = "Philip Hartman",
    isbn = "978-08-9871-510-1",
    languages = "eng",
    year = "2002",
    month = "ene",
    publisher = "SIAM",
    size = "5167050 octets",
    title = "Ordinary Differential Equations: Second Edition" }

@book{ RobertMattheij523,
    author = "Robert Mattheij and Jaap Molenaar",
    isbn = "978-08-9871-531-6",
    languages = "eng",
    year = "1996",
    month = "feb",
    publisher = "SIAM",
    size = "3235976 octets",
    title = "Ordinary Differential Equations in Theory and Practice" }

@book{ DominicJordan524,
    author = "Dominic Jordan and Peter Smith",
    isbn = "978-01-9921-203-3",
    languages = "eng",
    year = "2007",
    month = "ago",
    publisher = "OUP Oxford",
    size = "3178620 octets",
    title = "Nonlinear Ordinary Differential Equations: Problems and Solutions: A Sourcebook for Scientists and Engineers" }

@book{ RaviP.Agarwal525,
    author = "Ravi P. Agarwal and Donal O'Regan",
    isbn = "978-03-8771-276-5",
    languages = "eng",
    year = "2008",
    month = "dic",
    publisher = "Springer Science \& Business Media",
    size = "1680746 octets",
    title = "An Introduction to Ordinary Differential Equations" }

@book{ RaviP.Agarwal526,
    author = "Ravi P. Agarwal and Said R. Grace and Donal O'Regan",
    isbn = "978-04-1530-074-2",
    languages = "eng",
    year = "2002",
    month = "nov",
    publisher = "Taylor \& Francis",
    size = "25252425 octets",
    title = "Oscillation Theory for Second Order Dynamic Equations" }

@book{ RichardBronson527,
    author = "Richard Bronson and Gabriel Costa",
    isbn = "978-00-7182-247-3",
    languages = "eng",
    year = "2014",
    month = "feb",
    publisher = "McGraw Hill Professional",
    size = "4999823 octets",
    title = "Schaum's Outline of Differential Equations, 4th Edition" }

@book{ GeraldTeschl528,
    author = "Gerald Teschl",
    isbn = "978-08-2188-328-0",
    languages = "eng",
    year = "2012",
    month = "ago",
    publisher = "American Mathematical Soc.",
    size = "3911193 octets",
    title = "Ordinary Differential Equations and Dynamical Systems" }

@book{ ConstantinCorduneanu529,
    author = "Constantin Corduneanu",
    isbn = "978-08-2184-622-3",
    languages = "eng",
    year = "2008",
    month = "may",
    publisher = "American Mathematical Soc.",
    size = "1431795 octets",
    title = "Principles of Differential and Integral Equations" }

@book{ CarmenChicone530,
    author = "Carmen Chicone",
    isbn = "978-03-8735-794-2",
    languages = "eng",
    year = "2006",
    month = "sep",
    publisher = "Springer Science \& Business Media",
    size = "6889204 octets",
    title = "Ordinary Differential Equations With Applications" }

@book{ JurgenMoser531,
    author = "Jurgen Moser",
    isbn = "978-14-0088-269-4",
    languages = "eng",
    year = "2016",
    month = "mar",
    publisher = "Princeton University Press",
    size = "1672456 octets",
    title = "Stable and Random Motions in Dynamical Systems: With Special Emphasis on Celestial Mechanics (AM-77)" }

@book{ B.Fiedler532,
    author = "B. Fiedler",
    isbn = "978-00-8053-284-4",
    languages = "eng",
    year = "2002",
    month = "feb",
    publisher = "Gulf Professional Publishing",
    size = "7082072 octets",
    title = "Handbook of Dynamical Systems. Volume 2" }

@book{ BorisHasselblatt533,
    author = "Boris Hasselblatt and A. B. Katok and Bernold Fiedler",
    isbn = "978-04-4482-669-5",
    languages = "eng",
    year = "2002",
    month = "feb",
    publisher = "Elsevier",
    size = "8591180 octets",
    title = "Handbook of Dynamical Systems. Volume 1A" }

@book{ A.Katok534,
    author = "A. Katok and B. Hasselblatt",
    isbn = "978-00-8047-822-7",
    languages = "eng",
    year = "2005",
    month = "dic",
    publisher = "Elsevier",
    size = "5821196 octets",
    title = "Handbook of Dynamical Systems: Volume 1B" }

@book{ H.Broer535,
    author = "H. Broer and F. Takens and B. Hasselblatt",
    isbn = "978-00-8093-226-2",
    languages = "eng",
    year = "2010",
    month = "nov",
    publisher = "Elsevier",
    size = "9923248 octets",
    title = "Handbook of Dynamical Systems. Volume 3" }

@book{ MorrisW.Hirsch540,
    author = "Morris W. Hirsch and Stephen Smale and Robert L. Devaney",
    isbn = "978-01-2382-011-2",
    languages = "eng",
    year = "2012",
    month = "mar",
    publisher = "Academic Press",
    size = "1983961 octets",
    title = "Differential Equations, Dynamical Systems, and an Introduction to Chaos" }

@book{ JürgenMoser541,
    author = "Jürgen Moser and Eduard Zehnder",
    isbn = "978-08-2188-352-5",
    languages = "eng",
    year = "100",
    month = "dic",
    publisher = "American Mathematical Soc.",
    size = "27251938 octets",
    title = "Notes on Dynamical Systems" }

@book{ P.Cvitanovi\cR.ArtusoR.MainieriG.Tanner543,
    author = "P. Cvitanovi\'c, R. Artuso, R. Mainieri, G. Tanner and G. Vattay",
    year = "2017",
    month = "feb",
    publisher = "Niels Bohr Institute, Copenhagen 2016",
    size = "8425396 octets",
    title = "Chaos: Classical and Quantum" }

@book{ VladimirI.Arnold544,
    author = "Vladimir I. Arnold",
    isbn = "978-35-4054-813-3",
    languages = "eng",
    year = "1992",
    month = "may",
    publisher = "Springer Science \& Business Media",
    size = "2577577 octets",
    title = "Ordinary Differential Equations" }

@book{ EdwardOtt545,
    author = "Edward Ott",
    isbn = "978-05-2101-084-9",
    languages = "eng",
    year = "2002",
    month = "ago",
    publisher = "Cambridge University Press",
    size = "5174642 octets",
    title = "Chaos in Dynamical Systems" }

@book{ MichaelBrin546,
    author = "Michael Brin and Garrett Stuck",
    isbn = "978-11-3943-397-6",
    languages = "eng",
    year = "2002",
    month = "oct",
    publisher = "Cambridge University Press",
    size = "1835216 octets",
    title = "Introduction to Dynamical Systems" }

@book{ ShlomoSternberg547,
    author = "Shlomo Sternberg",
    isbn = "978-04-8613-514-4",
    languages = "eng",
    year = "2014",
    month = "jun",
    publisher = "Courier Corporation",
    size = "1057247 octets",
    title = "Dynamical Systems" }

@book{ EdwardR.Scheinerman548,
    author = "Edward R. Scheinerman",
    isbn = "978-04-8627-532-1",
    languages = "eng",
    year = "2013",
    month = "may",
    publisher = "Courier Corporation",
    size = "3040813 octets",
    title = "Invitation to Dynamical Systems" }

@book{ WernerO.Amrein550,
    author = "Werner O. Amrein and Andreas M. Hinz and David P. Pearson",
    isbn = "978-37-6437-066-4",
    languages = "eng",
    year = "2005",
    month = "may",
    publisher = "Springer Science \& Business Media",
    size = "1954960 octets",
    title = "Sturm-Liouville Theory: Past and Present" }

@book{ LawrencePerko551,
    author = "Lawrence Perko",
    isbn = "978-14-6130-003-8",
    languages = "eng",
    year = "2013",
    month = "nov",
    publisher = "Springer Science \& Business Media",
    size = "7594617 octets",
    title = "Differential Equations and Dynamical Systems" }

@book{ ColinSparrow552,
    author = "Colin Sparrow",
    isbn = "978-03-8790-775-8",
    languages = "eng",
    year = "1982",
    month = "dic",
    publisher = "Springer New York",
    size = "1333396 octets",
    title = "The Lorenz Equations: Bifurcations, Chaos, and Strange Attractors" }

@book{ MorrisW.Hirsch553,
    author = "Morris W. Hirsch and Robert L. Devaney and Stephen Smale",
    isbn = "978-00-8087-376-3",
    languages = "eng",
    year = "1974",
    month = "jun",
    publisher = "Academic Press",
    size = "3175959 octets",
    title = "Differential Equations, Dynamical Systems, and Linear Algebra" }

@book{ TomMullin554,
    author = "Tom Mullin",
    isbn = "978-01-9853-990-2",
    languages = "eng",
    year = "1993",
    month = "feb",
    publisher = "Clarendon Press",
    size = "5301499 octets",
    title = "The Nature of Chaos" }

@book{ D.K.Arrowsmith555,
    author = "D. K. Arrowsmith and C. M. Place",
    isbn = "978-05-2131-650-7",
    languages = "eng",
    year = "1990",
    month = "jul",
    publisher = "Cambridge University Press",
    size = "5687148 octets",
    title = "An Introduction to Dynamical Systems" }

@book{ GeraldTeschl557,
    author = "Gerald Teschl",
    isbn = "978-08-2188-328-0",
    languages = "eng",
    year = "2012",
    month = "ago",
    publisher = "American Mathematical Soc.",
    size = "2466402 octets",
    title = "Ordinary Differential Equations and Dynamical Systems" }

@book{ GeorgeDavidBirkhoff559,
    author = "George David Birkhoff",
    isbn = "978-08-2181-009-5",
    languages = "eng",
    year = "1927",
    month = "dic",
    publisher = "American Mathematical Soc.",
    size = "22717858 octets",
    title = "Dynamical Systems" }

@BOOK{simmons_esp,
author={G. Simmons},
title={Ecuaciones Diferenciales con Aplicaciones y Notas Históricas},
publisher={Mc-Graw-Hill},
year={1991},
address={Madrid},
}
@misc{ wiki:determinismo,
       author = "Wikipedia",
       title = "Determinismo --- Wikipedia{,} La enciclopedia libre",
       year = "2017",
       url = "https://es.wikipedia.org/w/index.php?title=Determinismo&oldid=98219046",
       note = "[Internet; descargado 2-mayo-2017]"
}

@article{EmilePicard1893,
author = {Emile Picard},
journal = {Journal de Mathématiques Pures et Appliquées},
language = {fre},
pages = {217-272},
title = {Sur l'application des méthodes d'approximations successives à l'étude de certaines équations différentielles ordinaires},
url = {http://eudml.org/doc/234079},
volume = {9},
year = {1893},
}

@article{ErnestLindelof1894,
author = {Ernest Lindelöf},
journal = {Journal de Mathématiques Pures et Appliquées},
language = {fre},
pages = {117-128},
title = {Sur l'application des méthodes d'approximations successives à l'étude des intégrales réelles des équations différentielles ordinaires},
url = {http://eudml.org/doc/235150},
volume = {10},
year = {1894},
}
