@Book{GerdBaumann578,
  Title                    = {Symmetry Analysis of Differential Equations With Mathematica®},
  Author                   = {Gerd Baumann},
  Publisher                = {Springer Science \& Business Media},
  Year                     = {2013},
  Month                    = {sep},

  ISBN                     = {978-14-6122-110-4},
  Size                     = {38362795 octets}
}

@Book{DavidBlázquez-Sanz441,
  Title                    = {Symmetries and Related Topics in Differential and Difference Equations: Jairo Charris Seminar 2009, Escuela De Matemáticas, Universidad Sergio Arboleda, Bogotá, Colombia},
  Author                   = {David Blázquez-Sanz and Juan José Morales Ruiz and Jesús Rodríguez Lombardero},
  Publisher                = {American Mathematical Soc.},
  Year                     = {2011},
  Month                    = {nov},

  ISBN                     = {978-08-2186-872-0},
  Size                     = {1605346 octets}
}

@Book{GeorgeBluman459,
  Title                    = {Symmetry and Integration Methods for Differential Equations},
  Author                   = {George Bluman and Stephen C. Anco},
  Publisher                = {Springer Science \& Business Media},
  Year                     = {2002},
  Month                    = {jul},

  ISBN                     = {978-03-8798-654-8},
  Size                     = {5854867 octets}
}

@Book{GeorgeBluman460,
  Title                    = {Symmetries and Differential Equations},
  Author                   = {George Bluman and Sukeyuki Kumei},
  Publisher                = {Springer Science \& Business Media},
  Year                     = {2013},
  Month                    = {mar},

  ISBN                     = {978-14-7574-307-4},
  Size                     = {10001685 octets}
}

@Book{LawrenceDresner456,
  Title                    = {Applications of Lie's Theory of Ordinary and Partial Differential Equations},
  Author                   = {Lawrence Dresner},
  Publisher                = {Institute of Physics Pub.},
  Year                     = {1999},
  Month                    = {nov},

  ISBN                     = {978-07-5030-530-3},
  Size                     = {1570875 octets}
}

@Book{RobertGilmore445,
  Title                    = {Lie Groups, Physics, and Geometry: An Introduction for Physicists, Engineers and Chemists},
  Author                   = {Robert Gilmore},
  Publisher                = {Cambridge University Press},
  Year                     = {2008},
  Month                    = {ene},

  ISBN                     = {978-11-3946-907-4},
  Size                     = {3671023 octets}
}

@Book{PeterE.Hydon455,
  Title                    = {Symmetry Methods for Differential Equations: A Beginner's Guide},
  Author                   = {Peter E. Hydon},
  Publisher                = {Cambridge University Press},
  Year                     = {2000},
  Month                    = {ene},

  ISBN                     = {978-05-2149-786-2},
  Size                     = {1514058 octets}
}

@Book{PeterJ.Olver451,
  Title                    = {Applications of Lie Groups to Differential Equations},
  Author                   = {Peter J. Olver},
  Publisher                = {Springer Science \& Business Media},
  Year                     = {2012},
  Month                    = {dic},

  ISBN                     = {978-14-6840-274-2},
  Size                     = {4616633 octets}
}

@Book{JamesMorrisPage452,
  Title                    = {Ordinary Differential Equations: An Elementary Text Book With an Introduction to Lie's Theory of the Group of One Parameter},
  Author                   = {James Morris Page},
  Publisher                = {Macmillan},
  Year                     = {1897},
  Month                    = {nov},

  Size                     = {1548530 octets}
}

@Book{S.V.DuzhinB.D.Chebotarevsky465,
  Title                    = {Transformation Groups for Beginners},
  Author                   = {S. V. Duzhin, B. D. Chebotarevsky},
  Publisher                = {American Mathematical Soc.},
  Year                     = {2002},
  Month                    = {ene},

  ISBN                     = {978-08-2188-450-8},
  Size                     = {1231823 octets}
}

@Book{FritzSchwarz454,
  Title                    = {Algorithmic Lie Theory for Solving Ordinary Differential Equations},
  Author                   = {Fritz Schwarz},
  Publisher                = {CRC Press},
  Year                     = {2007},
  Month                    = {oct},

  ISBN                     = {978-15-8488-890-1},
  Size                     = {4796945 octets}
}

@Book{W.-H.Steeb453,
  Title                    = {Continuous Symmetries, Lie Algebras, Differential Equations, and Computer Algebra},
  Author                   = {W.-H. Steeb},
  Publisher                = {World Scientific},
  Year                     = {1996},
  Month                    = {nov},

  ISBN                     = {978-98-1022-891-0},
  Size                     = {3872814 octets}
}

@Book{HansStephani444,
  Title                    = {Differential Equations: Their Solution Using Symmetries},
  Author                   = {Hans Stephani},
  Publisher                = {Cambridge University Press},
  Year                     = {1989},
  Month                    = {nov},

  ISBN                     = {978-05-2136-689-2},
  Size                     = {3097809 octets}
}

