

@book{ HansPetterLangtangen1344,
    title = "A Primer on Scientific Programming With Python",
    title_sort = "A Primer on Scientific Programming With Python",
    author_sort = "Langtangen, Hans Petter",
    author = "Hans Petter Langtangen",
    cover = "/home/fernando/fer/Biblioteca/calibre/Hans Petter Langtangen/A Primer on Scientific Programming With Python (1344)/cover.jpg",
    formats = "pdf",
    isbn = "978-36-4202-475-7",
    year = "2009",
    month = "ago",
    publisher = "Springer Science \& Business Media",
    volume = "1",
    size = "7151234 octets" }

@book{ AmitSaha1345,
    title = "Doing Math With Python: Use Programming to Explore Algebra, Statistics, Calculus, and More!",
    title_sort = "Doing Math With Python: Use Programming to Explore Algebra, Statistics, Calculus, and More!",
    author_sort = "Saha, Amit",
    author = "Amit Saha",
    cover = "/home/fernando/fer/Biblioteca/calibre/Amit Saha/Doing Math With Python\_ Use Programming to Explore Algebra, Statistics, Calculus, and More! (1345)/cover.jpg",
    formats = "pdf",
    isbn = "978-15-9327-640-9",
    year = "2015",
    month = "ago",
    publisher = "No Starch Press",
    volume = "1",
    size = "6861112 octets" }

@book{ WesMcKinney1347,
    title = "Python for Data Analysis",
    title_sort = "Python for Data Analysis",
    author_sort = "Wes McKinney",
    author = "Wes McKinney",
    cover = "/home/fernando/fer/Biblioteca/calibre/Wes McKinney/Python for Data Analysis (1347)/cover.jpg",
    formats = "epub",
    isbn = "978-14-4931-978-6",
    year = "2012",
    month = "oct",
    publisher = "O'Reilly Media",
    volume = "1",
    size = "7661848 octets" }

@book{ IvanIdris1348,
    title = "NumPy 1.5: Beginner's Guide",
    title_sort = "NumPy 1.5: Beginner's Guide",
    author_sort = "Idris, Ivan",
    author = "Ivan Idris",
    cover = "/home/fernando/fer/Biblioteca/calibre/Ivan Idris/NumPy 1.5\_ Beginner's Guide (1348)/cover.jpg",
    formats = "pdf",
    isbn = "978-18-4951-530-6",
    year = "2011",
    month = "ago",
    publisher = "Packt Publishing",
    volume = "1",
    size = "3330245 octets" }

@book{ RonanLamy1349,
    title = "Instant SymPy Starter: Learn to Use SymPy's Symbolic Engine to Simplify Python Calculations",
    title_sort = "Instant SymPy Starter: Learn to Use SymPy's Symbolic Engine to Simplify Python Calculations",
    author_sort = "Lamy, Ronan",
    author = "Ronan Lamy",
    cover = "/home/fernando/fer/Biblioteca/calibre/Ronan Lamy/Instant SymPy Starter\_ Learn to Use SymPy's Symbolic Engine to Simplify Python Calculations (1349)/cover.jpg",
    formats = "epub",
    isbn = "978-17-8216-362-6",
    year = "2013",
    month = "ago",
    publisher = "Packt Pub.",
    volume = "1",
    size = "2016011 octets" }

@book{ IvanIdris1350,
    title = "NumPy Cookbook",
    title_sort = "NumPy Cookbook",
    author_sort = "Idris, Ivan \& Cookbook, Numpy",
    author = "Ivan Idris and Numpy Cookbook",
    cover = "/home/fernando/fer/Biblioteca/calibre/Ivan Idris/NumPy Cookbook (1350)/cover.jpg",
    formats = "pdf",
    isbn = "978-18-4951-892-5",
    year = "2012",
    month = "ago",
    publisher = "Packt Publishing",
    volume = "1",
    size = "5461196 octets" }

@book{ MarkSummerfield1351,
    title = "Rapid GUI Programming With Python and Qt: The Definitive Guide to PyQt Programming",
    title_sort = "Rapid GUI Programming With Python and Qt: The Definitive Guide to PyQt Programming",
    author_sort = "Summerfield, Mark",
    author = "Mark Summerfield",
    cover = "/home/fernando/fer/Biblioteca/calibre/Mark Summerfield/Rapid GUI Programming With Python and Qt\_ The Definitive Guide to PyQt Programming (1351)/cover.jpg",
    formats = "pdf",
    isbn = "978-01-3235-418-9",
    year = "2008",
    month = "ago",
    publisher = "Prentice Hall",
    volume = "1",
    size = "7292183 octets" }

@book{ PeterFarrell1353,
    title = "Math Adventures With Python: An Illustrated Guide to Exploring Math With Code",
    title_sort = "Math Adventures With Python: An Illustrated Guide to Exploring Math With Code",
    author_sort = "Farrell, Peter",
    author = "Peter Farrell",
    cover = "/home/fernando/fer/Biblioteca/calibre/Peter Farrell/Math Adventures With Python\_ An Illustrated Guide to Exploring Math With Code (1353)/cover.jpg",
    formats = "pdf",
    isbn = "978-15-9327-867-0",
    year = "2019",
    month = "ene",
    publisher = "No Starch Press",
    volume = "1",
    size = "18266926 octets" }

