
@BOOK{hirsch,
     author =       {M. Hirsch and S. Smale},
      title =        {Differential Equations, Dynamical System and
                                 Linear Algebra},
      year =       {1974},
    publisher =    {Academic Press},
     address =      {Orlando},
}


@BOOK{soto,
     author =       {J. Sotomayor},
      title =        {Li\c{c}\~oes de Equa\c{c}\~oes Diferencias Ordin'arias},
    publisher =    {CNPq},
     address =      {Brasilea},
     year = {1979},
}

@BOOK{bir,
     author =       {Birkhoff, G and Rota, G.},
      title =        {Ordinary Differential Equations},
    publisher =    {John Wiley},

     year = {1969},
}


@BOOK{speer,
     author =       {E. Speer},
      title =        {Lectures Notes on Ordinary Differential Equations},
    publisher =    {CNPq},
     url={www.math.rutgers.edu/\~{}sontag/515.html},
     year = {2000},
}

@BOOK{hure,
     author =       {W. Hurewicz},
      title =        {Lectures on Ordinary Differential Equations},
    publisher =    {Dover},
     address={New York},
     year = {1990},
}

@BOOK{boyce,
     author =       {W. Boyce and R. DiPrima},
      title =        {Introduction to Differential Equations},
    publisher =    {John Wiley \& Sons},
     address={New York},
     year = {1970},
}

@BOOK{noemi,
     author =       {N. Wolansky},
      title =        {Introducción a las Ecuaciones Diferenciales
    Ordinarias},
      url={http://mate.dm.uba.ar/~wolanski/apuntes},
    }

@BOOK{hartman,
    author= {P. Hartman},
    title={Ordinary Differential Equations},
    publisher= {SIAM},
    address={Philadelphia},
    year={2002},
    }


@BOOK{lebo,
     author =       {N. Lebovitz},
      title =        {Notes for Mathematics 27300},
      url={http://people.cs.uchicago.edu/~lebovitz/},
    }


@BOOK{roy,
     author =       {A.E. Roy},
      title =        {Orbital Motion},
    publisher =    {Institute of Physics Publishing},
      year = {1998},}

@BOOK{edwards,
     author =       {C. Edwards and D. Penney },
      title =        {Differential Equations and Boundary Value Problems},
      year =       {2004},
    publisher =    {Pearson},
     address =      {London},
}

@BOOK{butcher,
  author =       {J. Butcher},
  title =        {Numerical Methods for Ordinary Differential Equations },
  publisher =    {John Wiley \& Sons},
  year =         {2003},
  address =      {West Sussex},
}

@BOOK{polking,
  author =       {J. Polking},
  title =        {ODE Software for MATLAB },
  url={http://math.rice.edu/~dfield/},
}

@BOOK{arro,
author={D. Arrowsmith and C. Place},
title={Dynamical System},
publisher={Chapman \& Hall},
address={London},
year={1992},
}

@BOOK{perko,
author={L. Perko},
title={Differential Equations and Dynamical Systems},
publisher={Springer-Verlag},
year={1991},
address={New York},
}





@BOOK{betounes,
	author={D. Betounes},
	title={Differential Equations, Theory and Applications},
	publisher={Springer},
	year={2010},
	address={New York},
}
@BOOK{simmons,
author={G. Simmons},
title={Differential Equations with Applications and Historical Notes},
publisher={Mc-Graw-Hill},
year={1991},
address={New York},
}

@BOOK{simmons_esp,
author={G. Simmons},
title={Ecuaciones Diferenciales con Aplicaciones y Notas Históricas},
publisher={Mc-Graw-Hill},
year={1991},
address={Madrid},
}

@book{hydon2000symmetry,
  title={Symmetry Methods for Differential Equations: A Beginner's Guide},
  author={Hydon, P.E.},
  url={https://books.google.com.ar/books?id=wVu0hEWLKuAC},
  year={2000},
  publisher={Cambridge University Press}
}
@OTHER{gallardo,
author={J. Gallardo},
title={Ecuaciones Diferenciales Ordinarias Una introducción con SAGE},
year={2012},
url={http://edanya.uma.es/pubrepos/EDO_con_Sage.10.pdf},
}